@article{clark2000magnetostrictive,
  title={Magnetostrictive properties of body-centered cubic Fe-Ga and Fe-Ga-Al alloys},
  author={Clark, Arthur E and Restorff, James B and Wun-Fogle, Marilyn and Lograsso, Thomas A and Schlagel, Deborah L},
  journal={Magnetics, IEEE Transactions on},
  volume={36},
  number={5},
  pages={3238--3240},
  year={2000},
  publisher={IEEE}
}

@article{srisukhumbowornchai2001large,
	title={Large magnetostriction in directionally solidified FeGa and FeGaAl alloys},
	author={Srisukhumbowornchai, N and Guruswamy, S},
	journal={Journal of Applied Physics},
	volume={90},
	number={11},
	pages={5680--5688},
	year={2001},
	publisher={AIP Publishing}
}

@article{kellogg2003texture,
	title={Texture and grain morphology dependencies of saturation magnetostriction in rolled polycrystalline Fe83Ga17},
	author={Kellogg, RA and Flatau, AB and Clark, AE and Wun-Fogle, M and Lograsso, Thomas A},
	journal={Journal of applied physics},
	volume={93},
	number={10},
	pages={8495--8497},
	year={2003},
	publisher={AIP Publishing}
}

@article{srisukhumbowornchai2004crystallographic,
	title={Crystallographic textures in rolled and annealed Fe-Ga and Fe-Al alloys},
	author={Srisukhumbowornchai, N and Guruswamy, S},
	journal={Metallurgical and Materials Transactions A},
	volume={35},
	number={9},
	pages={2963--2970},
	year={2004},
	publisher={Springer}
}

